% This file was created with JabRef 2.10.
% Encoding: Cp1250

@misc{ssj500kv2,
  title = {Training corpus ssj500k 2.0},
  author = {Krek, Simon and Dobrovoljc, Kaja and Erjavec, Toma{\v z} and Mo{\v z}e, Sara and Ledinek, Nina and Holz, Nanika and Zupan, Katja and Gantar, Polona and Kuzman, Taja},
  note = {Slovenian language resource repository {CLARIN}.{SI}},
  copyright = {Creative Commons - Attribution-{NonCommercial}-{ShareAlike} 4.0 International ({CC} {BY}-{NC}-{SA} 4.0)},
  year = {2017}
}

@article{Collobert2011,
  archivePrefix = {arXiv},
  arxivId = {1103.0398},
  author = {Collobert, Ronan and Weston, Jason and Bottou, L{\'{e}}on and Karlen, Michael and Kavukcuoglu, Koray and Kuksa, Pavel},
  doi = {10.1.1.231.4614},
  eprint = {1103.0398},
  isbn = {1532-4435},
  issn = {0891-2017},
  journal = {Journal of Machine Learning Research},
  keywords = {natural language processing,neural networks},
  pages = {2493--2537},
  pmid = {1000183096},
  title = {{Natural Language Processing (Almost) from Scratch}},
  volume = {12},
  year = {2011}
}

@article{Grcar2012,
  author = {Gr{\v{c}}ar, Miha and Krek, Simon and Dobrovoljc, Kaja},
  file = {:home/primoz/Dropbox/magisterijPrimozBelej/POS tagging/Krek2012{\_}sjt.pdf:pdf},
  issn = {978-961-264-048-4},
  journal = {Proceedings of the 8th Language Technologies Conference},
  pages = {89--94},
  title = {{Obeliks: statisti{\v{c}}ni oblikoskladenjski ozna{\v{c}}evalnik in lematizator za slovenski jezik}},
  year = {2012}
}

@article{Ljubesic2016,
  author = {Ljube{\v{s}}i{\'{c}}, Nikola and Erjavec, Toma{\v{z}}},
  journal = {Lrec 2016},
  keywords = {evaluation,part-of-speech tagging,slavic languages},
  pages = {1527--1531},
  title = {{Corpus vs. Lexicon Supervision in Morphosyntactic Tagging: The Case of Slovene}},
  year = {2016}
}
@article{Santos2014,
  author = {{Dos Santos}, Cicero and Zadrozny, Bianca},
  isbn = {9781634393973},
  journal = {Proceedings of the 31st International Conference on Machine Learning},
  number = {2011},
  pages = {1818--1826},
  title = {{Learning Character-level Representations for Part-of-Speech Tagging}},
  volume = {ICML-14},
  year = {2014}
}
@article{Labeau2015,
  author = {Labeau, Matthieu and Allauzen, Alexandre},
  isbn = {9781941643327},
  journal = {Proceedings of the 2015 Conference on Empirical Methods in Natural Language Processing (EMNLP 2015)},
  keywords = {Charater-based Embedding,POS Tagging},
  number = {September},
  pages = {232--237},
  title = {{Non-lexical neural architecture for fine-grained POS Tagging}},
  year = {2015}
}
