% Encoding: Cp1250

@String { CRF     = {Conditional random fields} }
@String { HMM     = {Hidden Markov model} }
@String { MEMM     = {Maximum entropy Markov model} }
@String { CNN     = {Convolutional neural network} }
@String { LSTM    = {Long short-term memory} }
@String { RNN-LM  = {Recurrent neural network language model} }

@book{Goodfellow-et-al-2016,
    title={Deep Learning},
    author={Ian Goodfellow and Yoshua Bengio and Aaron Courville},
    publisher={MIT Press},
    note={\url{http://www.deeplearningbook.org}},
    year={2016}
}

@misc{ssj500kv2,
  title = {Training corpus ssj500k 2.0},
  author = {Krek, Simon and Dobrovoljc, Kaja and Erjavec, Toma{\v z} and Mo{\v z}e, Sara and Ledinek, Nina and Holz, Nanika and Zupan, Katja and Gantar, Polona and Kuzman, Taja},
  url = {http://hdl.handle.net/11356/1165},
  lastchecked = {2017-11-29},
  year = {2017},
}

@misc{ssj500kv13,
 title = {Training corpus ssj500k 1.3},
 author = {Krek, Simon and Erjavec, Toma{\v z} and Dobrovoljc, Kaja and Mo{\v z}e, Sara and Ledinek, Nina and Holz, Nanika},
 url = {http://hdl.handle.net/11356/1029},
 lastchecked = {2017-11-29},
 year = {2013},
}

@article{Srivastava2015,
  author    = {Rupesh Kumar Srivastava and
               Klaus Greff and
               J{\"{u}}rgen Schmidhuber},
  title     = {Highway Networks},
  journal   = {CoRR},
  year      = {2015},
  url       = {http://arxiv.org/abs/1505.00387},
  bibsource = {dblp computer science bibliography, https://dblp.org}
}
  
@article{Collobert2011,
  author = {Collobert, Ronan and Weston, Jason and Bottou, L{\'{e}}on and Karlen, Michael and Kavukcuoglu, Koray and Kuksa, Pavel},
  isbn = {1532-4435},
  issn = {0891-2017},
  journal = {Journal of Machine Learning Research},
  keywords = {natural language processing,neural networks},
  pages = {2493--2537},
  pmid = {1000183096},
  title = {{Natural language processing (almost) from scratch}},
  volume = {12},
  year = {2011},
}

@article{Grcar2012,
  author = {Gr{\v{c}}ar, Miha and Krek, Simon and Dobrovoljc, Kaja},
  issn = {978-961-264-048-4},
  journal = { Zbornik Osme konference Jezikovne tehnologije},
  pages = {89--94},
  title = {{Obeliks: statisti{\v{c}}ni oblikoskladenjski ozna{\v{c}}evalnik in lematizator za slovenski jezik}},
  year = {2012},
}

@article{Ljubesic2016,
  author = {Ljube{\v{s}}i{\'{c}}, Nikola and Erjavec, Toma{\v{z}}},
  journal = {Proceedings of LREC},
  keywords = {evaluation,part-of-speech tagging,slavic languages},
  pages = {1527--1531},
  title = {{Corpus vs. lexicon supervision in morphosyntactic tagging: the case of Slovene}},
  year = {2016}
}

@article{Santos2014,
  author = {{Dos Santos}, Cicero and Zadrozny, Bianca},
  isbn = {9781634393973},
  journal = {Proceedings of the 31st International Conference on Machine Learning},
  pages = {1818--1826},
  title = {{Learning Character-level Representations for Part-of-Speech Tagging}},
  volume = {ICML-14},
  year = {2014}
}

@article{Labeau2015,
  author = {Labeau, Matthieu and Allauzen, Alexandre},
  isbn = {9781941643327},
  journal = {Proceedings of the 2015 Conference on Empirical Methods in Natural Language Processing (EMNLP 2015)},
  keywords = {Charater-based Embedding,POS Tagging},
  pages = {232--237},
  title = {{Non-lexical neural architecture for fine-grained POS tagging}},
  year = {2015}
}

@article{Kim2015,
  author = {Kim, Yoon and Jernite, Yacine and Sontag, David and Rush, Alexander M.},
  journal = {Proceedings of the Thirtieth AAAI Conference on Artificial Intelligence (AAAI-16)},
  pages = {2741--2749},
  title = {{Character-aware neural language models}},
  year = {2015}
}

@book{jurafsky_martin_2014,
  title={Speech and language processing},
  publisher={Pearson},
  author={Jurafsky, Daniel and Martin, James H.},
  year={2014}
}

